<?xml version="1.0" encoding="UTF-8"?><collection xmlns="http://www.loc.gov/MARC21/slim"><record><leader>00399nam--2200145-i-4500</leader><controlfield tag="001">000027375</controlfield><controlfield tag="002">20161230</controlfield><controlfield tag="005">20161230201036</controlfield><controlfield tag="008">060222s1000------------r-----000-0-eng-d</controlfield><datafield ind1=" " ind2=" " tag="080"><subfield code="a">621.391</subfield></datafield><datafield ind1=" " ind2=" " tag="100"><subfield code="a">Hershberger, W.D</subfield></datafield><datafield ind1=" " ind2=" " tag="245"><subfield code="a">Principles of communication systems</subfield></datafield><datafield ind1=" " ind2=" " tag="260"><subfield code="a">New York, Prentice Hall, 1955. Xiv + 253p. Cu Fig</subfield></datafield><datafield ind1=" " ind2=" " tag="490"><subfield code="a">Prentice Hall Electrical Eng. Series</subfield></datafield><datafield ind1=" " ind2=" " tag="852"><subfield code="a">11926</subfield></datafield></record></collection>